@article{cudaoverhead,
  title={Understanding the overheads of launching CUDA kernels},
  author={Zhang, Lingqi and Wahib, Mohamed and Matsuoka, Satoshi},
  journal={ICPP19},
  year={2019}
}